@article{alinot2005k,
  title={k-$\epsilon$ model for the atmospheric boundary layer under various thermal stratifications},
  author={Alinot, C{\'e}dric and Masson, Christian},
  journal={Journal of Solar Energy Engineering},
  volume = {127},
  number = {4},
  pages = {438-443},
  year = {2005},
  month = {06},
    issn = {0199-6231},
    doi = {10.1115/1.2035704},
    url = {https://doi.org/10.1115/1.2035704},
    eprint = {https://asmedigitalcollection.asme.org/solarenergyengineering/article-pdf/127/4/438/5728008/438\_1.pdf},

}